% This file was created with JabRef 2.10.
% Encoding: Cp1250


@InProceedings{6910014,
  Title                    = {Change Detection with Weightless Neural Networks},
  Author                   = {De Gregorio, M. and Giordano, M.},
  Booktitle                = {Computer Vision and Pattern Recognition Workshops (CVPRW), 2014 IEEE Conference on},
  Year                     = {2014},
  Month                    = {June},
  Pages                    = {409-413},

  Doi                      = {10.1109/CVPRW.2014.66},
  Keywords                 = {neural nets;object detection;video signal processing;ChangeDetection.net 2014 benchmark dataset;WNN;background brightness;background change adaptability;background shape;camera field-of-view;change detection;lightning;pixel color history;pixel-based weightless neural network;video scene;Face;History;Image color analysis;Neural networks;Random access memory;Training;Videos;Change Detection;Weightless Neural Networks}
}

@InProceedings{6910013,
  Title                    = {Spectral-360: A Physics-Based Technique for Change Detection},
  Author                   = {Sedky, M. and Moniri, M. and Chibelushi, C.C.},
  Booktitle                = {Computer Vision and Pattern Recognition Workshops (CVPRW), 2014 IEEE Conference on},
  Year                     = {2014},
  Month                    = {June},
  Pages                    = {405-408},

  Doi                      = {10.1109/CVPRW.2014.65},
  Keywords                 = {image colour analysis;object detection;Spectral-360 technique;change detection;dichromatic color reflectance model;diffuse-only-reflection;image formation models;physics-based color descriptor;physics-based technique;similarity measurement;spectral reflectance;static background;Computational modeling;Correlation;Image color analysis;Lighting;Mathematical model;Reflection;Reflectivity;background modelling;change detection;colour constancy;image formation models}
}

@Article{stflexible,
  Title                    = {Flexible Background Subtraction With Self-Balanced Local Sensitivity},
  Author                   = {St-Charles, Pierre-Luc and Bilodeau, Guillaume-Alexandre and Bergevin, Robert}
}

@InProceedings{6910012,
  Title                    = {A Fast Self-Tuning Background Subtraction Algorithm},
  Author                   = {Bin Wang and Dudek, P.},
  Booktitle                = {Computer Vision and Pattern Recognition Workshops (CVPRW), 2014 IEEE Conference on},
  Year                     = {2014},
  Month                    = {June},
  Pages                    = {401-404},

  Doi                      = {10.1109/CVPRW.2014.64},
  Keywords                 = {image classification;object detection;statistical analysis;ChangeDetection.net database;background model;background values;classification uncertainty;fast self-tuning background subtraction algorithm;ghost generation;high frequency temporal noise;individual decision threshold;occurrence statistics;pixel-level adapting background detection algorithm;timescales;Adaptation models;Algorithm design and analysis;Cameras;Classification algorithms;Computational modeling;Conferences;Databases}
}

@InProceedings{6910016,
  Title                    = {Static and Moving Object Detection Using Flux Tensor with Split Gaussian Models},
  Author                   = {Rui Wang and Bunyak, F. and Seetharaman, G. and Palaniappan, K.},
  Booktitle                = {Computer Vision and Pattern Recognition Workshops (CVPRW), 2014 IEEE Conference on},
  Year                     = {2014},
  Month                    = {June},
  Pages                    = {420-424},

  Doi                      = {10.1109/CVPRW.2014.68},
  Keywords                 = {Gaussian processes;image motion analysis;object detection;tensors;CVPR 2014 Change Detection benchmark dataset;FTSG;background modeling scheme;flux tensor with split Gaussian models;foreground modeling scheme;motion computation method;moving object detection;multicue appearance comparison;spatio-temporal tensor formulation;static object detection;Adaptation models;Computational modeling;Computer vision;Image edge detection;Lighting;Object detection;Tensile stress;Gaussian model;background subtraction;change detection;flux tensor;motion detection}
}
@misc{OpenCVLogo,
  title = {{OpenCV Logo}},
  howpublished = "\url{http://opencv.org/wp-content/themes/opencv/images/logo.png}",
  note = "[Online; accessed 15-December-2014]"
}
@book{i1823330731,
	title={Komputerowa analiza i przetwarzanie obrazów},
	author={Tadeusiewicz, Ryszard, Korohoda, Przemysław},
	series={Społeczeństwo Globalnej Informacji},
	year={1997},
	isbn={838647615x},
	publisher={Wydawnictwo Fundacji Postępu Telekomunikacji},
	url={https://vtls.cyfronet.pl/cgi-bin/agh/chameleon?host=localhost+1111+DEFAULT&amp;search=KEYWORD&amp;function=INITREQ&amp;u1=12101&amp;t1=000021048}
}
@inproceedings{zivkovic2004improved,
  title={Improved adaptive Gaussian mixture model for background subtraction},
  author={Zivkovic, Zoran},
  booktitle={Pattern Recognition, 2004. ICPR 2004. Proceedings of the 17th International Conference on},
  volume={2},
  pages={28--31},
  year={2004},
  organization={IEEE}
}
@article{barnich2011vibe,
  title={ViBe: A universal background subtraction algorithm for video sequences},
  author={Barnich, Olivier and Van Droogenbroeck, Marc},
  journal={Image Processing, IEEE Transactions on},
  volume={20},
  number={6},
  pages={1709--1724},
  year={2011},
  publisher={IEEE}
}
@inproceedings{hofmann2012background,
  title={Background segmentation with feedback: The pixel-based adaptive segmenter},
  author={Hofmann, Martin and Tiefenbacher, Philipp and Rigoll, Gerhard},
  booktitle={Computer Vision and Pattern Recognition Workshops (CVPRW), 2012 IEEE Computer Society Conference on},
  pages={38--43},
  year={2012},
  organization={IEEE}
}
@inproceedings{collins2003mean,
  title={Mean-shift blob tracking through scale space},
  author={Collins, Robert T},
  booktitle={Computer Vision and Pattern Recognition, 2003. Proceedings. 2003 IEEE Computer Society Conference on},
  volume={2},
  pages={II--234},
  year={2003},
  organization={IEEE}
}
@inproceedings{bilodeau2013change,
  title={Change detection in feature space using local binary similarity patterns},
  author={Bilodeau, Guillaume-Alexandre and Jodoin, Jean-Philippe and Saunier, Nicolas},
  booktitle={Computer and Robot Vision (CRV), 2013 International Conference on},
  pages={106--112},
  year={2013},
  organization={IEEE}
}